<?xml version="1.0" encoding="UTF-8"?><record xmlns="http://www.loc.gov/MARC21/slim" xmlns:cinclude="http://apache.org/cocoon/include/1.0" xmlns:zs="http://www.loc.gov/zing/srw/">
  <leader>00528cz  a2200157n  4500</leader>
  <controlfield tag="001">no 92023688 </controlfield>
  <controlfield tag="003">DLC</controlfield>
  <controlfield tag="005">20130308102022.0</controlfield>
  <controlfield tag="008">920924n| azannaab           |a aaa     c</controlfield>
  <datafield tag="010" ind1=" " ind2=" ">
    <subfield code="a">no 92023688 </subfield>
  </datafield>
  <datafield tag="040" ind1=" " ind2=" ">
    <subfield code="a">ATLA</subfield>
    <subfield code="b">eng</subfield>
    <subfield code="e">rda</subfield>
    <subfield code="c">ATLA</subfield>
    <subfield code="d">DLC</subfield>
  </datafield>
  <datafield tag="046" ind1=" " ind2=" ">
    <subfield code="f">1865</subfield>
  </datafield>
  <datafield tag="100" ind1="1" ind2=" ">
    <subfield code="a">Zehme, Arnold,</subfield>
    <subfield code="d">1865-</subfield>
  </datafield>
  <datafield tag="400" ind1="1" ind2=" ">
    <subfield code="w">nnea</subfield>
    <subfield code="a">Zehme, Arnold,</subfield>
    <subfield code="d">b. 1865</subfield>
  </datafield>
  <datafield tag="670" ind1=" " ind2=" ">
    <subfield code="a">His Die KulturverhaĚltnisse des deutschen Mittelalters [MI] 1905:</subfield>
    <subfield code="b">t.p. (Dr. Arnold Zehme, Dir. des Gym. zu Stendal)</subfield>
  </datafield>
  <datafield tag="670" ind1=" " ind2=" ">
    <subfield code="a">OCLC database, 9/24/92</subfield>
    <subfield code="b">(hdg.: Zehme, Arnold, 1865-)</subfield>
  </datafield>
</record>